@article{kavetskiy2018,
  author = {Kavetskiy, Aleksandr and Yakubova, Galina and Sarker, Sagor Biswas and Truong, Khuyen and Ezekoye, Wilson and Prior, Dexter and Lin, Gary and Torbert, Allen},
  title = {Energy correlated timing method for neutron induced prompt gamma ray spectroscopy},
  journal = {Applied Radiation and Isotopes},
  volume = {132},
  pages = {177--183},
  year = {2018},
  doi = {10.1016/j.apradiso.2017.11.022}
}

@article{yakubova2025,
  author = {Yakubova, Galina and Kavetskiy, Aleksandr and Sarker, Sagor Biswas and Prior, Dexter and Torbert, Allen},
  title = {Measuring and mapping moisture content in agricultural soils by neutron-gamma method},
  journal = {Radiation Physics and Chemistry},
  volume = {187},
  pages = {110349},
  year = {2025},
  note = {Forthcoming}
}

% Add more references as needed
% Example formats for reference:
%
% article example:
%  @article{example1,
%    title = {Title of the article},
%    author = {Author, A. and Author, B.},
%    journal = {Journal Name},
%    volume = {XX},
%    number = {X},
%    pages = {XXX--XXX},
%    year = {YEAR},
%    publisher = {Publisher}
%  }
%
% book example:
%  @book{example2,
%    title = {Title of the book},
%    author = {Author, A.},
%    publisher = {Publisher},
%    year = {YEAR},
%    address = {City}
%  }
%
% conference paper example:
%  @inproceedings{example3,
%    title = {Title of the conference paper},
%    author = {Author, A. and Author, B.},
%    booktitle = {Conference Name},
%    pages = {XXX--XXX},
%    year = {YEAR},
%    organization = {IEEE/ACM/etc.}
%  }
